2479 3508
1832 423 79 79 93

672 415 1079 87 CHAP. Il. RÉGIME DES BIENS CHEZ LES OSSÈTES.

499 505 1412 97 mark indivise continuent comme par le passé à établir un

502 572 1404 97 lien étroit entre les divers feux d’une même commune,

496 646 1351 84 jadis composée exclusivement de personnes apparentées.

555 701 1351 91 Les coutumes ossètes reproduisent les traits caractéristi-

502 777 1406 73 ques de ce vieux communisme agraire, que nous retrou-

505 838 1403 82 vons aux origines de toutes les civilisations aryennes, et qui

499 903 1412 88 longtemps fut intimement lié aux principes de parenté et

499 970 1412 76 d’unité de sang. La jouissance en commun des pâturages et

499 1034 1409 76 des forèts prend chez les Ossètes les deux formes sous les-

505 1110 1403 76 quelles elle est également connue en Allemagne et en Rus-

496 1166 1412 73 sie : celle de possession commune à plusieurs villages

508 1230 1400 79 voisins, et celle de biens communaux possédés par chaque

505 1303 1403 76 aoul distinct. Aussi, les essais qui ont été tentés pour établir

499 1365 1409 70 une différence entre la mark et la gemeinde auraient pu

499 1417 1409 85 trouver des arguments décisifs dans l’étude des coutumes

496 1487 1407 79 ossètes. La forme la plus répandue de la jouissance indivise

499 1555 1409 76 continua toujours à être celle de la mark, c’est-à-dire celle

494 1616 1403 85 à laquelle sont indistinctement admis tous les feux du pays,

494 1675 1406 81 à quelque commune ou aoul qu’ils appartiennent. Ainsi

496 1736 1407 85 les Tagaouriens, les Kourtatiens, les Allaguiriens, ne

496 1809 1407 79 connaissent pas la division des pâquis communs entre les

494 1876 1403 73 laouls; chacune de ces branches principales de la nation

488 1941 1412 79 ossète a son territoire délimité, dont une partie forme la-

496 2011 1404 79 propriété particulière des feux, tandis que l’autre continue

485 2072 1412 76 à être la possession commune de tous les habitants, à quel-

494 2128 1412 90 que village qu’ils appartiennent. Ce n’est que dans les

491 2210 1406 76 aouls de la plaine, d’origine récente, dont la population a

482 2265 1415 85 été transplantée artificiellement de la montagne, que la-

491 2338 1406 76 possession en commun s’arrête régulièrement aux limites

488 2402 1406 68 d’un aoul. Comme ils ne sont alors que des copies des sta-

485 2458 1409 85 nitzas cosaques, leurs voisines, il est évident qu’il ne peut

482 2522 1406 82 être ici question de traits typiques et originaux. Cependant,

491 2581 1400 88 remarquons-le, dans les localités où les limites de la pos-

488 2657 1403 70 session ont été tracées parcimonieusement par la nature

488 2721 1403 76 elle-même, comme, par exemple, dans les aouls des

488 2777 1403 105 Toualtes, situés dans d’étroites vallées, la communauté de
