2479 3508
979 377 646 90 DROIT COUTUMIER OSSÉTIEN.

599 368 85 90 90

593 458 1412 100 tant de se procurer du blé au dehors qu’avec beaucoup de

593 540 1409 82 difficulté, forcent les habitants à s’adonner, même avec

596 608 1403 78 perte, à l’agriculture ; d’un autre côté, les droits de pro-

593 672 1409 82 priété reconnus par la coutume aux clans ou gentes sur

593 736 1406 82 des terres que les législations européennes auraient con-

593 803 1406 82 sidérées comme vacantes, empêchent de cultiver la moitié

590 868 1403 87 des terres qui auraient pu être ensemencées avec succès.

593 926 1409 91 Dans de pareilles conditions, il ne reste plus d’autre issue

590 999 436 76 que l’émigration.

646 1058 1356 85 Pour obvier à cette nécessité, l’administration russe fit

590 1125 1406 82 construire de nouveaux aouls sur les plateaux de la partie

590 1186 1406 88 septentrionale du Caucase. Mais depuis que toute la Ka-

590 1251 1406 93 bardie a été reconnue propriétaire de la terre qui s’étend

590 1315 1406 85 entre ses aouls, il ne s’est plus trouvé d’emplacements

587 1371 1412 93 libres pour les émigrés Ossètes. La moitié des terrains

587 1444 1409 87 restent en friche, et, en même temps, nous sommes

587 1511 1406 82 forcés de mentionner l’existence d’un grand nombre de

587 1575 1406 85 personnes qui ne possèdent pas et ne peuvent acquérir

587 1639 1406 85 le moindre lot de terre. C’est que l’administration russe a

584 1698 1412 91 jugé impossible de mettre des bornes au principe qui fait

587 1768 1403 88 attribuer au clan toute la terre qui est censée être en sa dé-

584 1824 1409 102 fense. Ce principe correspond parfaitement aux conditions

584 1900 1409 84 de la vie pastorale lors du passage à l’état agriculteur, mais

584 1955 1409 94 il a pour conséquence nécessaire que la grande majorité

581 2025 1403 94 est privée de toute participation à la possession de la terre,

584 2093 1406 84 malgré l’étendue des plateaux en friche et le peu de den-

584 2160 518 73 sité de la population.

637 2212 1356 97 Le droit ossétien ne connait point d’autres titres à la

581 2286 1406 87 possession de la terre que celui que nous venons d’indi-

584 2350 1403 90 quer en parlant de l’occupation privée consentie par le clan;

578 2411 1415 91 il ignore en particulier la prescription, comme l’ignorèrent

581 2467 1409 105 aussi l’ancien droit des Germains (1); l’ancien droit russe (2)

616 2587 1377 102 (1) Stobbe, t. Il, Die Ersitzung gehört nicht dem ursprünglichen deuts-

578 2648 433 67 chen Rechtan, p. 181.

616 2692 1371 82 (2) Pendant longtemps, dit Bélaïeff, les anciennes lois russes ne reconnu-

584 2736 1406 125 rent aucun privilège à la prescription. La Prawda de Jaroslav (’ancien
