2479 3508
1020 374 628 79 DROIT COUTUMIER OSSÉTIEN.

640 353 76 94 92

634 447 1409 96 le pâturage pour le bétail, restent la propriété commune

628 529 1412 79 d’un ou de plusieurs villages, jadis occupés exclusivement

631 596 1409 76 par des familles parentes. L’installation d’étrangers à côté

625 660 1415 76 de ces familles sortant d’une même souche, le mélange de

625 727 1412 73 cette population immigrée avec l’ancienne, ne fit point ces-

625 792 1412 76 ser la jouissance commune de la mark indivise qui entou-

622 844 351 88 rait le village.

681 915 1356 84 L’histoire de la propriété foncière tant en Occident qu’en

625 979 1406 85 Russie nous présente des faits analogues. Les « généalogies»

625 1055 1409 82 des Allamans, sortes de clans ou de gentes, ayant admis des

625 1113 1409 82 personnes étrangères font place, après un certain temps, aux

622 1181 1406 73 communautés de voisins, c’est-à-dire aux communes agri-

622 1245 1406 79 coles. Mais le principe communiste qui apparaissait dans

622 1300 1406 85 la possession indivise de l’allmend, des communaux, se

622 1368 1403 79 maintient comme par le passé à travers tout le moyen-âge

622 1435 1403 73 let subsiste même encore de nos jours. Les clans de Dit-

619 1502 1406 73 marchen appelés slachts sont remplacés à la longue par

619 1566 1406 73 des communautés aux formes plus libres et plus larges se

616 1628 1412 79 fondant déjà sur le voisinage et non exclusivement sur la

625 1692 1400 82 parenté. Les chroniqueurs du XVe et du XVIe siècle conti-

616 1759 1406 76 nuent toutefois à faire encore mention de la possession in-

613 1824 1409 87 divisible des terrains incultes et des forêts par les feux qui

616 1879 1409 91 les composaient. Les partecipanze italiennes, qui dans le

610 1949 1407 82 canton de Tessin, ont encore gardé leur ancien caractère de

610 2020 1410 76 co-propriété familiale, se présentent déjà avec tous les traits

608 2084 1409 73 d’une commune agricole tant dans le nord que dans le

610 2148 1407 76 centre de l’Italie. Mais, les familles qui en font partie con-

608 2201 1406 90 tinuent à posséder les pâturages communs d’après l’ancien

610 2280 1404 76 principe de l’indivisibilité. Si enfin nous venons à notre

608 2344 1406 76 patrie, nous trouvons dans tout le nord de la Russie un

605 2405 1409 73 ordre de choses identique. Nous voyons des communes

608 2464 1400 82 agricoles, formées par la dissolution encore récente et fa-

605 2525 1406 82 cile à constater de communautés dont l’unité de sang for-

605 2595 1406 76 mait la base. Même dans les rameaux de la race aryenne

605 2651 1403 88 les plus éloignés, chez les paysans des provinces du nord-

605 2718 1400 108 ouest de l’Inde et du Pendjab, les droits d’usage dans la
