2479 3508
1847 406 97 108 89

692 400 1085 99 CHAP. II. RÉGIME DES BIENS CHEZ LES OSSÈTES.

529 502 1415 97 pant qui était considéré comme ayant accaparé illégale-

529 584 1415 76 ment ce qui appartenait à autrui. J’ai trouvé dans des

523 648 1418 85 procès-verbaux remontant à l’année 1876 et déposés dans

523 710 1415 82 les archives de Vadicavcase, l’exemple d’un pareil enva-

523 765 1412 94 hissement, ou mieux dire d’un semblable pillage : le mot

526 833 1412 90 pillage est même l’expression employée par l’ancien droit

523 909 1412 79 russe. Dans la paroisse de Moktchesk, un individu nommé

520 973 1412 76 Elkarne Tévitoff, du village de Kamat, s’était permis d’a-

520 1029 1415 93 battre une partie de la forêt communale et de construire une

520 1102 1412 81 métairie dans un endroit où, comme on pouvait le voir d’a-

517 1172 1409 79 près les documents, jamais il n’y en avait eu auparavant.

517 1227 1412 88 Cet acte ne tarda pas à porter ses conséquences : un grand

517 1300 1409 76 nombre d’habitants de l’aoul, agissant au nom de la com-

517 1365 1406 82 mune, se rendirent sur le terrain que Tévitoff avait occupé,

517 1426 1409 82 détruisirent de fond en comble les constructions qu’il avait

514 1490 1412 82 élevées et s’emparèrent des arbres qu’il avait abattus. Ce

514 1561 1409 76 procédé violent s’explique par cette double considération

514 1619 1409 79 que la forêt était communale et que Tévitoff n’avait pas

511 1683 1409 79 obtenu le consentement préalable qui lui était nécessaire

508 1745 1400 90 pour en occuper une partie. De nos jours, chez les Ossètes,

505 1800 1412 91 l’achat est, en règle générale, le seul mode d’acquisition de

505 1876 1415 82 la propriété foncière. La raison en est précisément qu’ils

505 1946 1415 79 ont coutume d’exiger, pour toute prise de possession, le

499 2014 1418 84 consentement préalable du clan ou de la commune. C’est

502 2066 1415 106 elle qui est regardée comme propriétaire de toutes les

499 2128 1412 93 terres, actuellement en friche, mais qu’il est possible

496 2192 547 88 de mettre en culture.

549 2259 1359 85 Si le droit de prendre possession de toute terre non ex-

494 2335 1414 73 ploitée avait été reconnu en Ossétie, si les terrains va-

494 2400 1414 76 gues, susceptibles d’être labourés, avaient pu être occu-

494 2464 1414 79 pés par quiconque manquait de terre, des faits semblables

491 2528 1412 76 à ceux que nous venons de citer n’auraient pas pu se pro-

488 2592 1412 74 duire. Bien plus : nous voyons très souvent des familles

488 2654 1409 85 entières quitter les défilés qu’elles habitent, parce qu’elles

488 2718 1409 79 n’y peuvent trouver la quantité de terrain nécessaire à

485 2777 1406 117 leur entretien. Les conditions orographiques ne permet-
