4266 6582
1663 691 1197 192 DROIT COUTUMIER OSSÉTIEN.

960 680 149 192 88

949 866 2641 203 voit souvent un comte ou un burgrave accorder le droit

944 1020 2635 159 d’occuper un lot de terre dans la forêt commune (in sylva

938 1146 2647 148 (communi); mais le texte montre aussi que l’absence de

949 1250 2625 170 toute contradiction (sine omni contradictione), est une con-

938 1393 2641 153 dition indispensable pour obtenir ce droit de propriété sur

944 1486 977 170 le terrain défriché (1).

1048 1623 2526 165 Il est vrai que dans un grand nombre d’actes anciens

933 1766 2646 142 qui ont trait à une prise de possession, la simple absence

938 1886 2630 143 de protester est considérée comme équivalant au consente-

933 1991 2641 181 ment. Le droit de mettre en culture certaines parties de la

933 2122 2641 170 forêt, en la « déracinant » (stirpando) est regardé par les

927 2243 2647 153 seigneurs féodaux comme le droit commun de tous les

927 2364 2641 142 colons du manoir, comme une forme de jouissance com-

927 2479 2636 153 mune de la terre. Mais cela s’explique facilement si l’on

927 2588 2636 159 songe que la faible densité de la population et la grande

922 2715 2635 170 étendue des forêts rendaient inutile toute mesure destinée

916 2841 2641 153 à sauvegarder les intérêts des communiers. Aussi dès que

911 2945 2646 170 la population devint plus dense, les seigneurs féodaux

916 3088 2636 159 et les administrateurs des communes se montrèrent plus

911 3214 2635 148 sévères au sujet de ces « purprises, » et forcèrent ceux qui

922 3329 2624 159 y avaient recours à leur payer certains droits, ou à obtenir

911 3450 1954 159 préalablement leur consentement formel (2).

1004 3570 2531 154 La propriété privée de la terre en Ossétie, nous appa-

905 3696 2630 154 raît de même avec le caractère d’une prise de possession

900 3817 2635 154 autorisée par les clans et les communes rurales. Si ce con-

900 3938 2635 153 sentement n’était pas intervenu, si, par exemple, une ferme

900 4053 2635 164 avait été construite arbitrairement sur une terre appartenant

894 4179 2641 159 à l’aoul, la communauté tout entière démolissait souvent

894 4283 2636 176 les constructions, et s’emparait de tout le bien de l’occu-

955 4525 2564 137 (1)«..... Et sibi eam suaeque uxori absque omni contradictione appre-

889 4612 2619 143 hendit, sicut mos erat et est communem sylvam de legitimis curtiferis ap-

889 4689 2624 148 prehendere et in potestatem sui juris tam populari more, arborum scilicet

889 4788 2619 148 incisione ignium ustione, domorumque edificatione, quam tuum dierum

889 4870 2613 148 in eodem loco, quod hereditario jure hereditatem retinere mos est, ses-

883 4969 2625 164 sione vindicavit ». Voir Georg Beseler, der Neubruch nach dem älteren

878 5062 1493 143 deutschen Recht, p. 11 et 12, rem. 9 et 13.

949 5155 851 154 (2) Stobbe, t. II, p. 161.
