2479 3508
1005 380 637 93 DROIT COUTUMIER OSSÉTIEN.

628 371 73 85 94

619 458 1406 106 possession dépasse rarement les limites d’un seul aoul.

619 540 1406 88 En cela, leur organisation présente des analogies frap-

616 608 1409 87 pantes avec celles des petites communes montagnardes de

613 666 1407 94 la Suisse, et particulièrement avec celles d’Uri et d’Unter-

619 736 208 73 walden.

672 795 1350 96 Les chartes, les polyptiques et autres documents du

613 865 1404 90 moyen-âge ne nous permettent pas de douter que la jouis-

610 935 1407 85 sance commune d’abord abandonnée à l’arbitraire, fut ré-

610 999 1404 85 gularisée le jour où la population devint plus nombreuse.

610 1064 1410 84 Des mesures furent prises alors pour que les parts de

610 1125 1401 94 chaque feu à cette jouissance fussent, autant que possible,

610 1181 1407 99 égales entre elles. L’histoire des allmenden suisses, des

610 1242 1401 105 biens communaux français, des gemeinde-güter allemands,

610 1318 1404 85 nous fait connaître les moyens qu’on employa pour main-

608 1382 1406 82 tenir cette égalité. Le plus souvent nous trouvons une cou-

608 1447 1406 93 tume strictement observée, qui consiste à limiter les droits

602 1517 1412 84 d’usage de chaque feu à ce qui était nécessaire pour ses

602 1578 1409 82 propres besoins. Et de cette règle générale on tira les deux

602 1642 1409 85 conséquences suivantes : 1° chaque feu ne peut envoyer

602 1701 1409 88 dans les champs communaux que le bétail qui a passé

602 1765 1406 94 l’hiver dans ses étables, ce qui, évidemment, empêche de

602 1841 1400 79 prendre le bétail d’autrui en pâturage pendant l’été.

599 1900 1406 87 2° Chaque feu a le droit d’abattre dans la forêt communale

599 1955 1403 100 la quantité d’arbres dont il a besoin pour la construction

596 2031 1406 85 ou pour la réparation de sa propre maison, et d’y ramasser

596 2084 1406 96 la quantité de menu bois nécessaire à son chauffage pen-

596 2157 1406 88 dant l’hiver. Il leur est donc impossible de s’enrichir en

599 2215 1403 97 vendant au dehors des matériaux de construction ou du

599 2277 441 85 bois de chauffage.

648 2347 1354 93 Nous n’avons trouvé en Ossétie ni l’un, ni l’autre de ces

593 2414 1409 88 deux règlements. La communauté de jouissance n’y est

593 2481 1403 79 point réglementée. Ainsi s’explique évidemment la brus-

593 2546 1403 82 que destruction des forêts et, d’un autre côté, le dévelop-

593 2610 1403 85 pement non moins rapide de l’inégalité économique.

593 2671 1400 82 Livrée à elle-même, n’étant régularisée par rien, la com-

593 2736 1403 117 munauté de possession peut, de même que la propriété
