2479 3508
666 397 1082 91 CHAP. II. RÉGIME DES BIENS CHEZ LES OSSÈTES.

1821 412 87 96 91

496 494 1415 93 et les coutumes des Celtes de l’Irlande. La prescription ac-

499 564 1412 87 quisitive (usucapio) qui conduit à la propriété après un

499 628 1409 96 certain laps de temps est aussi inconnue des Ossètes que la

499 695 1409 91 prescription libératoire qui fait cesser tout droit d’action à

494 760 1412 87 l’avènement d’un certain terme. Nous verrons dans le cha-

494 824 1414 88 pitre suivant que cette absence de la prescription marqua

494 891 1412 91 d’un cachet tout particulier le droit contractuel des Ossètes-

494 953 1414 87 et donna naissance aux contrats sans terme. N’admettant

494 1020 1406 93 pas que la simple jouissance, quelle qu’en ait été la durée,

494 1087 1412 85 puisse donner des droits à la propriété, la coutume ossé-

494 1154 1409 88 tienne ignore cette sauvegarde accordée à la possession

491 1224 1412 79 par l’ancien droit romain, sous forme d’une action spé-

491 1286 1412 85 ciale donnée par le préteur, et que le droit germanique du

488 1344 1412 91 moyen-âge désignait par le terme gewere. Le droit ossétien

491 1411 1409 85 ne fait en général aucune distinction entre le droit de pro-

488 1476 1412 85 priété et celui de jouissance, il n’admet point la possibilité

488 1537 1412 91 de les détacher l’un de l’autre. Ainsi, contrairement aux

485 1596 1412 93 législations contemporaines, l’antichrèse ne transmet pas

485 1666 1412 85 au créancier un simple droit de jouissance, mais bien le

482 1730 1412 85 droit de propriété, sur le sol qui est affecté à la garantie de

482 1797 1412 85 sa créance. D’un autre côté, lorsqu’on donne une terre en

482 1862 1409 84 métayage, le droit du preneur n’est pas protégé contre les

479 1923 1403 99 tiers. La coutume ne reconnaît de droit qu’au propriétaire,

476 1990 1415 91 et lorsque la terre est aliénée, le métayage prend fin; le

476 2058 1105 78 métayer n’a aucune action contre l’acquéreur.

532 2113 1359 94 En Ossétie, la terre de labour et les prés forment seuls la

473 2186 1415 85 propriété du « feu, » de la communauté de famille. Il en

473 2250 1412 85 était de même au moyen-ầge dans la plupart des pays de l’Eu-

473 2315 1415 85 rope occidentale, et il en est encore ainsi de nos jours dans

473 2379 1412 94 les gouvernements septentrionaux de la Russie. Les forêts

470 2440 1418 100 et les steppes, qui fournissent le bois pour le chauffage et

470 2563 1409 97 Code des russes) ne se contente pas de garder le silence quant au droit de pres-

470 2631 1406 78 cription, mais il le rejette directement. Dans les monuments législatifs anté-

470 2674 1409 79 rieurs au XVIe siècle nous ne trouvons aucune mention au sujet du droit de

470 2721 1409 91 prescription. Voir Bélaïeff, Manière dont la societé et les lois russes

476 2777 1146 114 ont conçu la prescription à différentes époques de l’histoire.
